@article{Author2020,
	author = {Lastname, F. and Author, S.},
	year = {2020},
	title = {On Citing Bibtex Entries in Latex},
	pages = {111-222},
	volume = {42},
	number = {4},
	journal = {Journal Name},
	doi = {if applicable}
}