@article{Author2020,
	author = {Lastname, F. and Author, S.},
	year = {2020},
	title = {On Citing Bibtex Entries in Latex},
	pages = {111-222},
	volume = {42},
	number = {4},
	journal = {Journal Name},
	doi = {if applicable}
}

@online{statistaWindPower,
	title = {Installed wind power capacity in Germany from 2008 to 2021},
    author = {Madhumitha Jaganmohan},
    date = {2022-04},
	url = {https://www.statista.com/statistics/421797/tracking-wind-power-in-germany/},
	abstract = {Wind power capacity in Germany has increased significantly since 2008, reaching the peak of 63,760 megawatts in 2021.},
	urldate = {2022-10-20},
	organization = {Statista},
}

@online{statistaSolarPower,
	title = {Cumulative solar photovoltaic capacity in Germany from 2017 to 2021},
    author = {Madhumitha Jaganmohan},
    date = {2022-05},
	url = {https://www.statista.com/statistics/497448/connected-and-cumulated-photovoltaic-capacity-in-germany/},
	urldate = {2022-10-20},
	organization = {Statista},
}

@online{energy_charts_stromproduktion,
	title = {Public net electricity generation in Germany},
	author = {{Energy-Charts}},
    organization = {Fraunhofer ISE},
    date = {2022},
	url = {https://www.energy-charts.info/charts/power/chart.htm?l=en&c=DE},
	urldate = {2022-10-20},
}

@online{DWD_API,
	title = {wetterdienst documentation},
    author = {Earthobservations},
    date = {2022},
	url = {https://wetterdienst.readthedocs.io/en/latest/overview.html},
	urldate = {2022-10-20}
}

@online{DWD_Data,
	title = {Wetter und {Klima} - {Deutscher} {Wetterdienst} - {Leistungen} - {CDC}-{Portal}},
    author = {{Deutscher Wetterdienst}},
	url = {https://www.dwd.de/DE/leistungen/cdc_portal/cdc_portal.html},
	urldate = {2022-10-20},
    date = {2022}
}

@online{TF_Timeseries_forecasting,
	title = {Time series forecasting},
	titleaddon = {TensorFlow},
    author = {{Tensorflow contributors}},
    date = {2022-05-09},
	url = {https://www.tensorflow.org/tutorials/structured_data/time_series},
	urldate = {2022-10-21},
}

@online{TFProb_Structural_Timeseries,
	title = {Structural Time Series Modeling Case Studies: Atmospheric {CO}2 and Electricity Demand},
    author = {{Tensorflow contributors}},
	url = {https://www.tensorflow.org/probability/examples/Structural_Time_Series_Modeling_Case_Studies_Atmospheric_CO2_and_Electricity_Demand},
	shorttitle = {Structural Time Series Modeling Case Studies},
	titleaddon = {{TensorFlow}},
	urldate = {2022-10-21},
    date = {2022-01-26}
}

@article{scott_predicting_2014,
	title = {Predicting the present with Bayesian structural time series},
	volume = {5},
	issn = {2040-3607, 2040-3615},
	url = {http://www.inderscience.com/link.php?id=59942},
	doi = {10.1504/IJMMNO.2014.059942},
	pages = {4},
	number = {1},
	journaltitle = {International Journal of Mathematical Modelling and Numerical Optimisation},
	shortjournal = {{IJMMNO}},
	author = {Scott, Steven L. and Varian, Hal R.},
	urldate = {2022-10-21},
	date = {2014},
	langid = {english},
	file = {Eingereichte Version:C\:\\Users\\sengu\\Zotero\\storage\\5HYWJCL3\\Scott und Varian - 2014 - Predicting the present with Bayesian structural ti.pdf:application/pdf},
}
